<record><leader>00000cas a22000007a 4500</leader><controlfield tag="001">12654818</controlfield><controlfield tag="008">851010c19429999wiuer ne      0    0eng d</controlfield><datafield ind1=" " ind2=" " tag="010"><subfield code="a">sn 85041335 </subfield></datafield><datafield ind1=" " ind2=" " tag="040"><subfield code="a">NPV</subfield><subfield code="b">eng</subfield><subfield code="c">NPV</subfield><subfield code="d">OCLCQ</subfield></datafield><datafield ind1=" " ind2=" " tag="032"><subfield code="a">450220</subfield></datafield><datafield ind1=" " ind2=" " tag="042"><subfield code="a">msc</subfield></datafield><datafield ind1="0" ind2="0" tag="245"><subfield code="a">Pulaski news.</subfield></datafield><datafield ind1="3" ind2="0" tag="246"><subfield code="a">Pulaski hi news</subfield></datafield><datafield ind1=" " ind2=" " tag="260"><subfield code="a">Pulaski, Wis. :</subfield><subfield code="b">Pulaski High School</subfield></datafield><datafield ind1=" " ind2=" " tag="300"><subfield code="a">v.</subfield></datafield><datafield ind1=" " ind2=" " tag="310"><subfield code="a">Biweekly</subfield></datafield><datafield ind1=" " ind2=" " tag="321"><subfield code="a">Biweekly,</subfield><subfield code="b">&lt;Aug. 27, 1942&gt;-Mar. 8, 1956</subfield></datafield><datafield ind1=" " ind2=" " tag="321"><subfield code="a">Weekly,</subfield><subfield code="b">Mar. 13, 1956-Sept. 1, 1960</subfield></datafield><datafield ind1="1" ind2=" " tag="362"><subfield code="a">Began in Aug, 1942.</subfield></datafield><datafield ind1=" " ind2=" " tag="500"><subfield code="a">Continues a school newspaper called: Pulaski Hi news.</subfield></datafield><datafield ind1=" " ind2=" " tag="515"><subfield code="a">Numbering inconsistent.</subfield></datafield><datafield ind1=" " ind2=" " tag="588"><subfield code="a">Description based on: Vol. 1, no. 2 (Aug. 27, 1942).</subfield></datafield><datafield ind1=" " ind2=" " tag="752"><subfield code="a">United States</subfield><subfield code="b">Wisconsin</subfield><subfield code="c">Brown</subfield><subfield code="d">Pulaski.</subfield></datafield></record>